<record><leader>00000cas a2200000 a 4500</leader><controlfield tag="001">34056580</controlfield><controlfield tag="007">cr cn|||||||||</controlfield><controlfield tag="008">960119c19959999caudr ne      0   a0eng c</controlfield><controlfield tag="009">2486</controlfield><datafield ind1=" " ind2=" " tag="010"><subfield code="a">sn 96003252 </subfield></datafield><datafield ind1=" " ind2=" " tag="040"><subfield code="a">CNU</subfield><subfield code="b">eng</subfield><subfield code="c">CNU</subfield><subfield code="d">NSD</subfield><subfield code="d">CNK</subfield><subfield code="d">DLC</subfield><subfield code="d">CNK</subfield><subfield code="d">OCLCQ</subfield><subfield code="d">OCLCF</subfield><subfield code="d">OCLCO</subfield></datafield><datafield ind1=" " ind2=" " tag="012"><subfield code="m">1</subfield></datafield><datafield ind1=" " ind2=" " tag="019"><subfield code="a">37875045</subfield></datafield><datafield ind1="1" ind2=" " tag="022"><subfield code="a">1087-8688</subfield><subfield code="l">1087-8688</subfield><subfield code="2">1</subfield></datafield><datafield ind1="1" ind2=" " tag="029"><subfield code="a">AU@</subfield><subfield code="b">000012364737</subfield></datafield><datafield ind1=" " ind2=" " tag="032"><subfield code="a">146560</subfield><subfield code="b">USPS</subfield></datafield><datafield ind1=" " ind2=" " tag="037"><subfield code="b">South Coast Newspapers, Inc., 207 E. Pennsylvania Ave., Escondido, CA 92054</subfield></datafield><datafield ind1=" " ind2=" " tag="042"><subfield code="a">nsdp</subfield><subfield code="a">pcc</subfield></datafield><datafield ind1=" " ind2=" " tag="043"><subfield code="a">n-us-ca</subfield></datafield><datafield ind1=" " ind2="0" tag="222"><subfield code="a">North County times</subfield></datafield><datafield ind1="0" ind2="0" tag="245"><subfield code="a">North County times.</subfield></datafield><datafield ind1=" " ind2=" " tag="260"><subfield code="a">Oceanside, CA :</subfield><subfield code="b">South Coast Newspapers, Inc.,</subfield><subfield code="c">1995-</subfield></datafield><datafield ind1=" " ind2=" " tag="300"><subfield code="a">v.</subfield></datafield><datafield ind1=" " ind2=" " tag="310"><subfield code="a">Daily</subfield></datafield><datafield ind1="0" ind2=" " tag="362"><subfield code="a">Dec. 3, 1995-</subfield></datafield><datafield ind1=" " ind2=" " tag="500"><subfield code="a">Name of geographic edition appears in smaller print above "North County Times."</subfield></datafield><datafield ind1=" " ind2=" " tag="500"><subfield code="a">"News from ... all of North County."</subfield></datafield><datafield ind1=" " ind2=" " tag="500"><subfield code="a">Publication moved to Escondido, Calif., Dec. 27, 1996.</subfield></datafield><datafield ind1=" " ind2=" " tag="530"><subfield code="a">Also available via the Internet, called: NC times-net.</subfield></datafield><datafield ind1=" " ind2=" " tag="580"><subfield code="a">Published in several local editions, including Escondido, Oceanside, Solana Beach/Encinitas/Del Mar, Fallbrook/Bonsall, Inland, Vista and Carlsbad/La Costa.</subfield></datafield><datafield ind1=" " ind2=" " tag="530"><subfield code="a">Master negatives are available for duplication from:</subfield><subfield code="b">California Newspaper Microfilm Archive;</subfield><subfield code="c">positive copies may be purchased by the reel; for further information consult the CNMA at:</subfield><subfield code="u">http://cbsr.ucr.edu</subfield></datafield><datafield ind1=" " ind2="0" tag="651"><subfield code="a">Escondido (Calif.)</subfield><subfield code="v">Newspapers.</subfield></datafield><datafield ind1=" " ind2="0" tag="651"><subfield code="a">Oceanside (Calif.)</subfield><subfield code="v">Newspapers.</subfield></datafield><datafield ind1=" " ind2="0" tag="651"><subfield code="a">Encinitas (Calif.)</subfield><subfield code="v">Newspapers.</subfield></datafield><datafield ind1=" " ind2="0" tag="651"><subfield code="a">Del Mar (Calif.)</subfield><subfield code="v">Newspapers.</subfield></datafield><datafield ind1=" " ind2="0" tag="651"><subfield code="a">Fallbrook (Calif.)</subfield><subfield code="v">Newspapers.</subfield></datafield><datafield ind1=" " ind2="0" tag="651"><subfield code="a">Vista (Calif.)</subfield><subfield code="v">Newspapers.</subfield></datafield><datafield ind1=" " ind2="0" tag="651"><subfield code="a">Carlsbad (Calif.)</subfield><subfield code="v">Newspapers.</subfield></datafield><datafield ind1=" " ind2="7" tag="655"><subfield code="a">Newspapers.</subfield><subfield code="2">fast</subfield><subfield code="0">(OCoLC)fst01423814</subfield></datafield><datafield ind1=" " ind2="7" tag="651"><subfield code="a">California</subfield><subfield code="z">Carlsbad.</subfield><subfield code="2">fast</subfield><subfield code="0">(OCoLC)fst01208495</subfield></datafield><datafield ind1=" " ind2="7" tag="651"><subfield code="a">California</subfield><subfield code="z">Del Mar.</subfield><subfield code="2">fast</subfield><subfield code="0">(OCoLC)fst01205561</subfield></datafield><datafield ind1=" " ind2="7" tag="651"><subfield code="a">California</subfield><subfield code="z">Encinitas.</subfield><subfield code="2">fast</subfield><subfield code="0">(OCoLC)fst01216948</subfield></datafield><datafield ind1=" " ind2="7" tag="651"><subfield code="a">California</subfield><subfield code="z">Escondido.</subfield><subfield code="2">fast</subfield><subfield code="0">(OCoLC)fst01218708</subfield></datafield><datafield ind1=" " ind2="7" tag="651"><subfield code="a">California</subfield><subfield code="z">Fallbrook.</subfield><subfield code="2">fast</subfield><subfield code="0">(OCoLC)fst01218715</subfield></datafield><datafield ind1=" " ind2="7" tag="651"><subfield code="a">California</subfield><subfield code="z">Oceanside.</subfield><subfield code="2">fast</subfield><subfield code="0">(OCoLC)fst01219037</subfield></datafield><datafield ind1=" " ind2="7" tag="651"><subfield code="a">California</subfield><subfield code="z">Vista.</subfield><subfield code="2">fast</subfield><subfield code="0">(OCoLC)fst01228759</subfield></datafield><datafield ind1="0" ind2=" " tag="740"><subfield code="a">NC times-net.</subfield></datafield><datafield ind1=" " ind2=" " tag="752"><subfield code="a">United States</subfield><subfield code="b">California</subfield><subfield code="c">San Diego</subfield><subfield code="d">Escondido.</subfield></datafield><datafield ind1=" " ind2=" " tag="752"><subfield code="a">United States</subfield><subfield code="b">California</subfield><subfield code="c">San Diego</subfield><subfield code="d">Oceanside.</subfield></datafield><datafield ind1="0" ind2=" " tag="775"><subfield code="t">Californian (Temecula, Calif.)</subfield><subfield code="w">(DLC)sn 89007778</subfield></datafield><datafield ind1="0" ind2="4" tag="780"><subfield code="t">Times-advocate (Escondido, Calif. : 1974)</subfield><subfield code="w">(DLC)sn 00060515</subfield></datafield><datafield ind1="0" ind2="4" tag="780"><subfield code="t">North County blade-citizen</subfield><subfield code="w">(DLC)sn 91004603</subfield></datafield><datafield ind1="0" ind2="5" tag="780"><subfield code="t">Fallbrook/Bonsall enterprise</subfield><subfield code="w">(DLC)sn2004061129</subfield></datafield><datafield ind1="4" ind2="1" tag="856"><subfield code="z">Online version:</subfield><subfield code="u">http://www.nctimes.net/</subfield></datafield></record>